@article{mainpaper,
	doi = {10.1137/20m1328932},
	url = {https://doi.org/10.1137%2F20m1328932},
    year = 2021,
	publisher = {Society for Industrial {\&} Applied Mathematics ({SIAM})},
	volume = {5},
	number = {2},
	pages = {304--337},
	author = {Carlos Am{\'{e}}ndola and Kathl{\'{e}}n Kohn and Philipp Reichenbach and Anna Seigal},
	title = {Invariant Theory and Scaling Algorithms for Maximum Likelihood Estimation},
	journal = {{SIAM} Journal on Applied Algebra and Geometry}
}

@misc{dagsnotears,
      title={DAGs with NO TEARS: Continuous Optimization for Structure Learning}, 
      author={Xun Zheng and Bryon Aragam and Pradeep Ravikumar and Eric P. Xing},
      year={2018},
      eprint={1803.01422},
      archivePrefix={arXiv},
      primaryClass={stat.ML}
}

@misc{symmetriesDAG,
      title={Symmetries in Directed Gaussian Graphical Models}, 
      author={Visu Makam and Philipp Reichenbach and Anna Seigal},
      year={2022},
      eprint={2108.10058},
      archivePrefix={arXiv},
      primaryClass={math.ST}
}